@misc
{
    Bar+11,
    title     = {RAMMS User manual v1.4 Avalanche},
    author    = {Bartelt, P
                 and
                 Buehler, Y
                 and
                 Christen, M
                 and
                 Deubelbeiss, Y
                 and
                 Salz, M
                 and
                 Schneider, M
                 and
                 Schumacher, L},
    year      = {2011},
    publisher = {WSL-SLF}
}

@article
{
    Cor+14,
    author  = "Corominas, J.
               and van Westen, C.
               and Frattini, P.
               and Cascini, L.
               and Malet, J.-P.
               and Fotopoulou, S.
               and Catani, F.
               and Van Den Eeckhaut, M.
               and Mavrouli, O.
               and Agliardi, F.
               and Pitilakis, K.
               and Winter, M. G.
               and Pastor, M.
               and Ferlisi, S.
               and Tofani, V.
               and Herv{\'a}s, J.
               and Smith, J. T.",
    title   = "Recommendations for the quantitative analysis of landslide risk",
    journal = "Bulletin of Engineering Geology and the Environment",
    year    = "2014",
    month   = "5",
    day     = "01",
    volume  = "73",
    number  = "2",
    pages   = "209--263",
    issn    = "1435-9537",
    doi     = "10.1007/s10064-013-0538-8",
    url     = "https://doi.org/10.1007/s10064-013-0538-8"
}

@book
{
    DeB11,
    publisher = {Springer Netherlands},
    isbn      = {9789400711211},
    year      = {2011},
    title     = {Introduction to the Physics of Landslides:
                 Lecture notes on the dynamics of mass wasting},
    address   = {Dordrecht},
    author    = {De Blasio, Fabio Vittorio},
    keywords  = {Earth Sciences; Applied Earth Sciences; Environmental Physics;
                 Soft and Granular Matter, Complex Fluids and Microfluidics;
                 Physical Geography ; Geology},
}

@online
{
    NGU19,
    author  = {{Geological Survey of Norway}},    % Without the extra {}
    title   = {Nasjonal l√∏smassedatabase},        % "Norway" is assumed to be
    year    = {2019},                             % a family name
    url     = {http://geo.ngu.no/kart/losmasse/},
    urldate = {2019-03-15}
}